@inproceedings{Goncalves2018,
author = {G.I. Gonçalves and B.S.M. Peralva and L.M. Andrade Filho and A.S. Cerqueira and J.M. Seixas},
title = {Energy Estimation Based On Wiener-Hopf Filtering For The ATLAS Tile Calorimeter},
booktitle = {Anais do XXI Encontro Nacional de Modelagem Computacional},
address = {Brazil},
year = {2018}
}

@inproceedings{Goncalves2017,
author = {G.I. Gonçalves and B.S.M. Peralva and R.P. Marques and M.J.S. Campos and R.W.F. Vitral},
title = {Classification Of The Masticatory Side Pattern Using Digital Image Processing},
booktitle = {Anais do XX Encontro Nacional de Modelagem Computacional},
address = {Brazil},
year = {2017}
}

@inproceedings{Goncalves2015,
author = {G.I. Gonçalves and W.R. Telles and A.J. Silva Neto and P.P.G.W Rodrigues},
title = {Development Of An Application For Monitoring Real-Time Water Levels In The Bengalas River Based On Direct And Inverse Problems Technical},
booktitle = {Anais do XVIII Encontro Nacional de Modelagem Computacional},
address = {Brazil},
year = {2015}
}
